@misc{FER2013,
	 author = {Dumitru, Ian Goodfellow, Will Cukierski, Yoshua Bengio},
	 title = {Challenges in Representation Learning: Facial Expression Recognition Challenge},
	 publisher = {Kaggle},
	 year = {2013},
	 url ={https://kaggle.com/competitions/challenges-in-representation-learning-facial-expression-recognition-challenge} } 

	
@inproceedings{barsoum2016training,
title={Training deep networks for facial expression recognition with crowd-sourced label distribution},
author={Barsoum, Emad and Zhang, Cha and Ferrer, Cristian Canton and Zhang, Zhengyou},
booktitle={Proceedings of the 18th ACM international conference on multimodal interaction},
pages={279--283},
year={2016}
}